@techreport{flesch1975,
  author       = {J. Peter Kincaid and Robert P. Fishburne and Richard L. Rogers and Brad S. Chissom},
  title        = {Derivation of New Readability Formulas (Automated Readability Index, Fog Count, and Flesch Reading Ease Formula) for Navy Enlisted Personnel},
  institution  = {Chief of Naval Technical Training, U. S. Naval Air Station},
  year         = {1975},
  number       = {ADA006655},
  url          = {https://apps.dtic.mil/sti/pdfs/ADA006655.pdf},
}
@book{manning2008,
  author       = {Christopher D. Manning and Prabhakar Raghavan and Hinrich Sch√ºtze},
  title        = {Introduction to Information Retrieval},
  year         = {2008},
  publisher    = {Cambridge University Press},
  url          = {https://nlp.stanford.edu/IR-book/pdf/06vect.pdf},
}
@article{misini2022,
  author    = {A. Misini and A. Kadriu and E. Canhasi},
  title     = {A survey on authorship analysis tasks and techniques},
  journal   = {SEEU Review},
  volume    = {17},
  number    = {2},
  pages     = {153--164},
  year      = {2022},
  doi       = {10.2478/seeur-2022-0100},
}
@unpublished{roelleke,
  author    = {A. Roelleke},
  title     = {Stylogenetics: Clustering-based stylistic analysis},
  note      = {Unpublished},
  year      = {},
  url       = {https://d1wqtxts1xzle7.cloudfront.net/2833959/i9a5reolcy216y.pdf},
}